SYMBOL,PREOPEN,FINAL_PRICE,FINAL_QUANTITY,LAST_UPDATE,TOTAL_BUY_QTY,TOTAL_SELL_QTY,ADV_DECL
SRF,2672.9,2672.9,13926,24-Jul-2026 09:07:20,22982,14659,BUY
MPHASIS,2247,2247,9240,24-Jul-2026 09:07:30,26423,3963,BUY
MOTILALOFS,944.5,944.5,29982,24-Jul-2026 09:07:20,24483,57245,SELL
OIL,460.5,460.5,21774,24-Jul-2026 09:07:30,29220,124970,SELL
CAMS,760,760,6846,24-Jul-2026 09:07:30,8457,25502,SELL
RADICO,4065,4065,539,24-Jul-2026 09:07:32,2408,16590,SELL
POWERINDIA,32100,32100,299,24-Jul-2026 09:07:30,1688,3435,SELL
HEROMOTOCO,5101.2,5101.2,9083,24-Jul-2026 09:07:20,5644,23563,SELL
ONGC,252.5,252.5,62169,24-Jul-2026 09:07:20,135523,387550,SELL
CROMPTON,249.55,249.55,2649,24-Jul-2026 09:07:30,16578,45473,SELL
GVT&D,4330,4330,2150,24-Jul-2026 09:07:31,6511,10318,SELL
DALBHARAT,1854.9,1854.9,113,24-Jul-2026 09:07:20,651,6510,SELL
ADANIENT,3010,3010,5173,24-Jul-2026 09:07:19,15242,22406,SELL
ADANIPOWER,212.22,212.22,89262,24-Jul-2026 09:07:20,239177,755446,SELL
LICI,421.4,421.4,5984,24-Jul-2026 09:07:30,32394,59479,SELL
COALINDIA,427,427,9341,24-Jul-2026 09:07:30,85799,135563,SELL
KALYANKJIL,585.55,585.55,58944,24-Jul-2026 09:07:20,86671,190046,SELL
KEI,4897,4897,117,24-Jul-2026 09:07:32,4748,4625,BUY
KFINTECH,868,868,1254,24-Jul-2026 09:07:30,9081,35301,SELL
FORCEMOT,17400,17400,313,24-Jul-2026 09:07:31,1582,4339,SELL
BOSCHLTD,42200,42200,103,24-Jul-2026 09:07:30,159,1060,SELL
BRITANNIA,5383,5383,204,24-Jul-2026 09:07:30,1682,6616,SELL
BAJAJHLDNG,10625,10625,85,24-Jul-2026 09:07:30,799,2717,SELL
BANKINDIA,142,142,32012,24-Jul-2026 09:07:30,144563,583043,SELL
PIDILITIND,1562,1562,1147,24-Jul-2026 09:07:30,3652,11950,SELL
UNITDSPR,1416,1416,1140,24-Jul-2026 09:07:33,3777,34049,SELL
EICHERMOT,7710,7710,1303,24-Jul-2026 09:07:32,1464,18553,SELL
MARICO,851.8,851.8,844,24-Jul-2026 09:07:31,6560,12341,SELL
NTPC,347.95,347.95,10584,24-Jul-2026 09:07:30,57254,83827,SELL
PETRONET,268.95,268.95,1736,24-Jul-2026 09:07:30,26070,35931,SELL
BANDHANBNK,165.5,165.5,47666,24-Jul-2026 09:07:20,288425,788921,SELL
CIPLA,1390.1,1390.1,4206,24-Jul-2026 09:07:19,21058,15144,BUY
BLUESTARCO,1630,1630,50,24-Jul-2026 09:07:30,2777,7327,SELL
HYUNDAI,1949.8,1949.8,775,24-Jul-2026 09:07:32,15770,13122,BUY
IDFCFIRSTB,79.7,79.7,49458,24-Jul-2026 09:07:20,90960,605396,SELL
SUZLON,52.25,52.25,182043,24-Jul-2026 09:07:20,822348,1965164,SELL
BEL,404.2,404.2,43466,24-Jul-2026 09:07:20,168093,437220,SELL
FORTIS,940,940,1372,24-Jul-2026 09:07:31,2192,11064,SELL
ICICIGI,1614.3,1614.3,689,24-Jul-2026 09:07:32,4887,12585,SELL
UNIONBANK,167.89,167.89,27523,24-Jul-2026 09:07:19,94031,501376,SELL
CONCOR,478.9,478.9,1725,24-Jul-2026 09:07:30,13149,51973,SELL
ZYDUSLIFE,1109,1109,1341,24-Jul-2026 09:07:32,5487,15929,SELL
HDFCAMC,2499.9,2499.9,1141,24-Jul-2026 09:07:31,9857,15026,SELL
NMDC,82.35,82.35,20384,24-Jul-2026 09:07:19,181035,972356,SELL
BHARTIARTL,1900.2,1900.2,55755,24-Jul-2026 09:07:19,21517,60268,SELL
MANKIND,2548,2548,78,24-Jul-2026 09:07:30,1352,10046,SELL
PATANJALI,336.35,336.35,11119,24-Jul-2026 09:07:30,202359,158554,BUY
POLYCAB,8900,8900,794,24-Jul-2026 09:07:19,2051,4927,SELL
ABB,7498,7498,794,24-Jul-2026 09:07:30,1286,4509,SELL
PAGEIND,40105,40105,10,24-Jul-2026 09:07:32,237,203,BUY
SAIL,160.25,160.25,28180,24-Jul-2026 09:07:32,62623,200481,SELL
GODFRYPHLP,2038,2038,410,24-Jul-2026 09:07:31,6275,7385,SELL
GRASIM,3100,3100,570,24-Jul-2026 09:07:32,892,6442,SELL
ASHOKLEY,150,150,55849,24-Jul-2026 09:07:20,180642,448611,SELL
MFSL,1497.5,1497.5,159,24-Jul-2026 09:07:20,608,5353,SELL
SOLARINDS,18540,18540,113,24-Jul-2026 09:07:32,850,2290,SELL
UNOMINDA,1125,1125,246,24-Jul-2026 09:07:19,4720,10376,SELL
TECHM,1549,1549,3511,24-Jul-2026 09:07:19,11958,61164,SELL
WAAREEENER,2700,2700,1760,24-Jul-2026 09:07:20,7941,31220,SELL
BSE,3563,3563,4101,24-Jul-2026 09:07:20,25539,47905,SELL
M&M,3215.3,3215.3,11298,24-Jul-2026 09:07:20,10689,49335,SELL
TATASTEEL,183.41,183.41,47416,24-Jul-2026 09:07:20,194560,662881,SELL
ADANIENSOL,1676,1676,2492,24-Jul-2026 09:07:31,11103,41825,SELL
ICICIBANK,1428,1428,26147,24-Jul-2026 09:07:20,34092,78349,SELL
NYKAA,323.3,323.3,1871,24-Jul-2026 09:07:30,3715,39977,SELL
PREMIERENE,1020,1020,736,24-Jul-2026 09:07:30,10629,22558,SELL
SUNPHARMA,1945,1945,6907,24-Jul-2026 09:07:32,7904,20005,SELL
BANKBARODA,242,242,26612,24-Jul-2026 09:07:19,149609,307278,SELL
DLF,639.15,639.15,6513,24-Jul-2026 09:07:31,21684,66219,SELL
MARUTI,13340,13340,541,24-Jul-2026 09:07:30,3433,6925,SELL
WIPRO,174,174,45474,24-Jul-2026 09:07:20,243825,495230,SELL
BAJAJ-AUTO,11229,11229,1257,24-Jul-2026 09:07:20,1458,6757,SELL
YESBANK,22.82,22.82,239929,24-Jul-2026 09:07:20,1249292,4392013,SELL
GAIL,171.14,171.14,2959,24-Jul-2026 09:07:31,52232,291867,SELL
CUMMINSIND,5571,5571,413,24-Jul-2026 09:07:31,2727,4096,SELL
JIOFIN,232,232,64661,24-Jul-2026 09:07:20,387304,758051,SELL
LTM,3945.5,3945.5,337,24-Jul-2026 09:07:31,1611,6956,SELL
ANGELONE,304.5,304.5,7007,24-Jul-2026 09:07:30,41443,59045,SELL
AXISBANK,1216.8,1216.8,12653,24-Jul-2026 09:07:19,25424,110456,SELL
MUTHOOTFIN,2995,2995,1780,24-Jul-2026 09:07:30,6943,4400,BUY
SBILIFE,1844.1,1844.1,1288,24-Jul-2026 09:07:32,5192,18417,SELL
NAM-INDIA,1100,1100,860,24-Jul-2026 09:07:30,15349,17964,SELL
VOLTAS,1303.4,1303.4,1068,24-Jul-2026 09:07:32,6795,13846,SELL
DELHIVERY,463,463,2408,24-Jul-2026 09:07:31,17542,28835,SELL
LAURUSLABS,1560,1560,1638,24-Jul-2026 09:07:31,5774,29145,SELL
HDFCLIFE,548,548,3323,24-Jul-2026 09:07:31,229581,63681,BUY
INOXWIND,75.8,75.8,26889,24-Jul-2026 09:07:31,180784,242772,SELL
INDUSINDBK,1000,1000,5051,24-Jul-2026 09:07:19,29544,37380,SELL
INDUSTOWER,388.1,388.1,2004,24-Jul-2026 09:07:31,18437,44641,SELL
BAJAJFINSV,1878.9,1878.9,270,24-Jul-2026 09:07:30,2832,15281,SELL
JUBLFOOD,410,410,2756,24-Jul-2026 09:07:31,13528,50025,SELL
NESTLEIND,1439.8,1439.8,3376,24-Jul-2026 09:07:30,7182,28225,SELL
PERSISTENT,4974.1,4974.1,986,24-Jul-2026 09:07:31,3096,7900,SELL
PRESTIGE,1614.9,1614.9,885,24-Jul-2026 09:07:30,1741,18526,SELL
ABCAPITAL,390,390,4258,24-Jul-2026 09:07:30,13832,73796,SELL
DABUR,420.75,420.75,589,24-Jul-2026 09:07:30,28013,38909,SELL
DIXON,13750,13750,741,24-Jul-2026 09:07:20,3200,9790,SELL
RELIANCE,1265,1265,52015,24-Jul-2026 09:07:20,157721,495238,SELL
ASTRAL,1405.1,1405.1,154,24-Jul-2026 09:07:30,3454,15010,SELL
HINDZINC,528,528,6189,24-Jul-2026 09:07:31,42532,181699,SELL
APLAPOLLO,1820,1820,303,24-Jul-2026 09:07:31,6316,20743,SELL
BHARATFORG,2162,2162,912,24-Jul-2026 09:07:30,1485,6588,SELL
IRFC,86.5,86.5,53016,24-Jul-2026 09:07:19,213918,523873,SELL
DIVISLAB,7230,7230,522,24-Jul-2026 09:07:19,1148,3381,SELL
DMART,4010,4010,1446,24-Jul-2026 09:07:32,3219,10937,SELL
GMRAIRPORT,106.7,106.7,21356,24-Jul-2026 09:07:31,331653,169246,BUY
HCLTECH,1237,1237,9709,24-Jul-2026 09:07:20,9935,230408,SELL
ITC,279.55,279.55,31937,24-Jul-2026 09:07:19,206223,627503,SELL
HINDUNILVR,2148,2148,1383,24-Jul-2026 09:07:31,10836,23502,SELL
MCX,2735,2735,2180,24-Jul-2026 09:07:20,12934,56105,SELL
UPL,603.1,603.1,1458,24-Jul-2026 09:07:32,14406,26192,SELL
FEDERALBNK,352.1,352.1,10172,24-Jul-2026 09:07:31,21558,56549,SELL
ICICIPRULI,498.25,498.25,530,24-Jul-2026 09:07:31,15784,25181,SELL
SBIN,1006,1006,25003,24-Jul-2026 09:07:19,66717,113354,SELL
JSWSTEEL,1238.6,1238.6,865,24-Jul-2026 09:07:31,5802,18031,SELL
POLICYBZR,1516.7,1516.7,1469,24-Jul-2026 09:07:31,10113,8478,BUY
LICHSGFIN,530.15,530.15,806,24-Jul-2026 09:07:30,18868,32893,SELL
LTF,303,303,5088,24-Jul-2026 09:07:30,70278,86925,SELL
IDEA,13.11,13.11,963042,24-Jul-2026 09:07:20,4683621,7625570,SELL
APOLLOHOSP,8801,8801,287,24-Jul-2026 09:07:33,1131,1986,SELL
COFORGE,1430,1430,2498,24-Jul-2026 09:07:30,10787,32142,SELL
VMM,109.11,109.11,44272,24-Jul-2026 09:07:20,131771,563871,SELL
KPITTECH,547.05,547.05,2320,24-Jul-2026 09:07:30,25328,55533,SELL
TATACONSUM,1100,1100,1878,24-Jul-2026 09:07:32,11966,29561,SELL
AMBER,7377,7377,262,24-Jul-2026 09:07:31,3387,3887,SELL
ALKEM,5561.5,5561.5,63,24-Jul-2026 09:07:20,561,6047,SELL
NUVAMA,1933.2,1933.2,954,24-Jul-2026 09:07:32,3573,26639,SELL
ETERNAL,285,285,240457,24-Jul-2026 09:07:20,313209,949219,SELL
HAVELLS,1201.1,1201.1,189,24-Jul-2026 09:07:32,6468,26264,SELL
TATAPOWER,373.4,373.4,9800,24-Jul-2026 09:07:32,58663,143600,SELL
AUROPHARMA,1512,1512,837,24-Jul-2026 09:07:31,1793,8297,SELL
SHRIRAMFIN,1018.1,1018.1,14952,24-Jul-2026 09:07:20,32284,90103,SELL
ADANIPORTS,1764.9,1764.9,3899,24-Jul-2026 09:07:30,10325,32896,SELL
IOC,138.85,138.85,31465,24-Jul-2026 09:07:20,326154,462306,SELL
MAXHEALTH,1076,1076,1058,24-Jul-2026 09:07:31,7569,14466,SELL
GODREJCP,1050.5,1050.5,264,24-Jul-2026 09:07:31,3653,18201,SELL
TORNTPHARM,5026,5026,180,24-Jul-2026 09:07:20,1240,1886,SELL
BDL,1230,1230,1050,24-Jul-2026 09:07:30,14699,22370,SELL
CANBK,124.22,124.22,28224,24-Jul-2026 09:07:20,331181,890392,SELL
IREDA,118.61,118.61,16345,24-Jul-2026 09:07:31,139589,283285,SELL
NBCC,92.4,92.4,49660,24-Jul-2026 09:07:20,138883,367073,SELL
LODHA,1137,1137,1144,24-Jul-2026 09:07:31,10823,17861,SELL
AMBUJACEM,420,420,2946,24-Jul-2026 09:07:30,38012,57866,SELL
HINDALCO,947.6,947.6,7918,24-Jul-2026 09:07:31,30755,72280,SELL
INDHOTEL,718,718,3475,24-Jul-2026 09:07:20,17046,36167,SELL
KAYNES,3213,3213,2266,24-Jul-2026 09:07:19,8244,30416,SELL
TATAELXSI,3359,3359,1330,24-Jul-2026 09:07:32,8933,18336,SELL
PAYTM,1246,1246,6476,24-Jul-2026 09:07:19,27032,31761,SELL
SWIGGY,259.27,259.27,61779,24-Jul-2026 09:07:20,78395,191731,SELL
TIINDIA,2800,2800,508,24-Jul-2026 09:07:32,2340,3163,SELL
CHOLAFIN,1702,1702,221,24-Jul-2026 09:07:19,4709,3446,BUY
OBEROIRLTY,1801.6,1801.6,206,24-Jul-2026 09:07:31,3284,7050,SELL
BIOCON,431.2,431.2,3032,24-Jul-2026 09:07:31,16203,60848,SELL
HAL,4550.1,4550.1,1009,24-Jul-2026 09:07:20,8694,35253,SELL
SHREECEM,26575,26575,15,24-Jul-2026 09:07:20,134,278,SELL
JSWENERGY,552.1,552.1,2085,24-Jul-2026 09:07:31,14810,53600,SELL
MOTHERSON,144.2,144.2,24254,24-Jul-2026 09:07:30,114407,499708,SELL
BPCL,306.9,306.9,18908,24-Jul-2026 09:07:19,112865,179988,SELL
JINDALSTEL,1032,1032,147,24-Jul-2026 09:07:31,5339,11764,SELL
SBICARD,616,616,1665,24-Jul-2026 09:07:20,8488,43321,SELL
VEDL,262,262,17932,24-Jul-2026 09:07:20,141779,418993,SELL
AUBANK,969,969,632,24-Jul-2026 09:07:30,6002,10527,SELL
COCHINSHIP,1381.9,1381.9,3000,24-Jul-2026 09:07:19,14584,62835,SELL
PFC,406,406,8640,24-Jul-2026 09:07:20,48532,151058,SELL
PGEL,570.95,570.95,1958,24-Jul-2026 09:07:30,19496,44185,SELL
RECLTD,354.9,354.9,13312,24-Jul-2026 09:07:33,52212,209930,SELL
RVNL,221.9,221.9,16482,24-Jul-2026 09:07:32,96008,157145,SELL
COLPAL,2065,2065,229,24-Jul-2026 09:07:30,2294,10799,SELL
INDIANB,819,819,2087,24-Jul-2026 09:07:20,22771,47794,SELL
MAZDOCK,2275.9,2275.9,1917,24-Jul-2026 09:07:31,8301,27132,SELL
CDSL,1310,1310,5482,24-Jul-2026 09:07:20,25070,38674,SELL
TMPV,321,321,28888,24-Jul-2026 09:07:20,95505,245878,SELL
TVSMOTOR,3879.8,3879.8,3918,24-Jul-2026 09:07:19,3095,14806,SELL
PNB,109,109,93417,24-Jul-2026 09:07:19,179286,718974,SELL
GLENMARK,2182,2182,44,24-Jul-2026 09:07:32,1558,5692,SELL
PHOENIXLTD,2014,2014,762,24-Jul-2026 09:07:31,2228,3132,SELL
EXIDEIND,435.05,435.05,13447,24-Jul-2026 09:07:31,19434,94861,SELL
HINDPETRO,381,381,27448,24-Jul-2026 09:07:19,225534,221154,BUY
SUPREMEIND,3380.1,3380.1,119,24-Jul-2026 09:07:32,1455,3917,SELL
LT,3751,3751,8059,24-Jul-2026 09:07:19,19960,28745,SELL
PNBHOUSING,1055,1055,275,24-Jul-2026 09:07:31,8713,9886,SELL
BHEL,405,405,12713,24-Jul-2026 09:07:19,60976,136883,SELL
GODREJPROP,2018,2018,923,24-Jul-2026 09:07:32,5510,11819,SELL
POWERGRID,286.5,286.5,40095,24-Jul-2026 09:07:20,124509,153855,SELL
HDFCBANK,738.5,738.5,536282,24-Jul-2026 09:07:20,538513,343986,BUY
TRENT,2841.3,2841.3,3660,24-Jul-2026 09:07:32,7679,22452,SELL
IEX,120.5,120.5,33857,24-Jul-2026 09:07:31,109784,477246,SELL
BAJFINANCE,1027.3,1027.3,80110,24-Jul-2026 09:07:20,32332,134871,SELL
NATIONALUM,341.8,341.8,7896,24-Jul-2026 09:07:20,36455,117877,SELL
SONACOMS,710.95,710.95,21530,24-Jul-2026 09:07:20,26303,87731,SELL
KOTAKBANK,378.6,378.6,126012,24-Jul-2026 09:07:20,2468827,126891,BUY
NHPC,79.25,79.25,44340,24-Jul-2026 09:07:19,194741,665773,SELL
PIIND,2706,2706,130,24-Jul-2026 09:07:30,1513,7837,SELL
ULTRACEMCO,11750,11750,1045,24-Jul-2026 09:07:32,1522,4457,SELL
360ONE,1068.3,1068.3,1493,24-Jul-2026 09:07:30,3270,9980,SELL
NAUKRI,1150,1150,1541,24-Jul-2026 09:07:30,3004,15745,SELL
OFSS,10688,10688,540,24-Jul-2026 09:07:20,5298,13804,SELL
INDIGO,4950,4950,11412,24-Jul-2026 09:07:20,20531,14913,BUY
SIEMENS,3631.2,3631.2,192,24-Jul-2026 09:07:32,1350,10546,SELL
LUPIN,2360,2360,2521,24-Jul-2026 09:07:30,3532,29709,SELL
VBL,452,452,5325,24-Jul-2026 09:07:19,18097,73260,SELL
DRREDDY,1147,1147,16121,24-Jul-2026 09:07:19,21030,29414,SELL
RBLBANK,348,348,50328,24-Jul-2026 09:07:32,44101,50809,SELL
TCS,2205.1,2205.1,11617,24-Jul-2026 09:07:20,29457,104197,SELL
MANAPPURAM,346.45,346.45,11146,24-Jul-2026 09:07:30,9726,187885,SELL
ADANIGREEN,1356,1356,19711,24-Jul-2026 09:07:19,19330,30968,SELL
ASIANPAINT,2620.1,2620.1,3220,24-Jul-2026 09:07:30,3294,19299,SELL
INFY,1028,1028,400753,24-Jul-2026 09:07:20,341717,144359,BUY
TITAN,4605,4605,4531,24-Jul-2026 09:07:20,1492,6399,SELL
CGPOWER,860,860,34304,24-Jul-2026 09:07:20,21552,91439,SELL
