SYMBOL,PREOPEN,FINAL_PRICE,FINAL_QUANTITY,LAST_UPDATE,TOTAL_BUY_QTY,TOTAL_SELL_QTY,ADV_DECL
KALYANKJIL,360,360,103639,08-Jul-2026 09:07:34,278240,165898,BUY
NAUKRI,1172,1172,34474,08-Jul-2026 09:07:34,63932,27716,BUY
ONGC,246.82,246.82,96217,08-Jul-2026 09:07:34,298715,297547,BUY
OIL,427.1,427.1,28571,08-Jul-2026 09:07:34,76336,86054,SELL
MPHASIS,2323,2323,5928,08-Jul-2026 09:07:33,5389,25735,SELL
AXISBANK,1344,1344,100887,08-Jul-2026 09:07:34,22688,91580,SELL
ALKEM,5679.5,5679.5,419,08-Jul-2026 09:07:37,856,3851,SELL
MARICO,849.3,849.3,5775,08-Jul-2026 09:07:47,16070,50650,SELL
DIVISLAB,6784,6784,1092,08-Jul-2026 09:07:46,10466,5445,BUY
DRREDDY,1357,1357,3227,08-Jul-2026 09:07:47,7329,16601,SELL
BOSCHLTD,42000,42000,201,08-Jul-2026 09:07:33,162,792,SELL
MAXHEALTH,1119.7,1119.7,6621,08-Jul-2026 09:07:34,10077,20899,SELL
RADICO,4103.7,4103.7,1526,08-Jul-2026 09:07:35,10389,11170,SELL
CIPLA,1453.3,1453.3,1990,08-Jul-2026 09:07:47,5156,22422,SELL
PREMIERENE,1025.5,1025.5,3667,08-Jul-2026 09:07:46,14746,22611,SELL
GLENMARK,2267,2267,1249,08-Jul-2026 09:07:34,3200,13191,SELL
LUPIN,2492.5,2492.5,1684,08-Jul-2026 09:07:35,2946,8934,SELL
ICICIGI,1795.3,1795.3,742,08-Jul-2026 09:07:47,16837,2050,BUY
COFORGE,1517,1517,16580,08-Jul-2026 09:07:33,24898,53483,SELL
OFSS,11101,11101,498,08-Jul-2026 09:07:33,680,4079,SELL
TIINDIA,2980,2980,116,08-Jul-2026 09:07:36,1302,3331,SELL
SUNPHARMA,1904,1904,6261,08-Jul-2026 09:07:34,6506,24075,SELL
INFY,1071.9,1071.9,46307,08-Jul-2026 09:07:34,123629,195317,SELL
APLAPOLLO,1819.8,1819.8,656,08-Jul-2026 09:07:47,6589,17395,SELL
HAVELLS,1225,1225,4319,08-Jul-2026 09:07:47,16150,40150,SELL
KFINTECH,866.6,866.6,1259,08-Jul-2026 09:07:46,6466,30377,SELL
PERSISTENT,4884.8,4884.8,4389,08-Jul-2026 09:07:34,5143,13034,SELL
WIPRO,173,173,59260,08-Jul-2026 09:07:34,327214,721237,SELL
ADANIGREEN,1518.9,1518.9,10250,08-Jul-2026 09:07:47,17393,59038,SELL
COLPAL,2077,2077,232,08-Jul-2026 09:07:46,2994,9046,SELL
TATAELXSI,3707,3707,382,08-Jul-2026 09:07:34,4170,15941,SELL
PATANJALI,414.4,414.4,11729,08-Jul-2026 09:07:46,14000,33931,SELL
SBILIFE,1831.9,1831.9,6316,08-Jul-2026 09:07:34,4126,20591,SELL
KPITTECH,562.25,562.25,4570,08-Jul-2026 09:07:33,35118,99174,SELL
ASTRAL,1359,1359,658,08-Jul-2026 09:07:47,6615,18883,SELL
BLUESTARCO,1604.8,1604.8,343,08-Jul-2026 09:07:35,3260,7800,SELL
MANKIND,2526.5,2526.5,363,08-Jul-2026 09:07:34,1755,8591,SELL
PAGEIND,41765,41765,38,08-Jul-2026 09:07:47,141,237,SELL
ADANIENT,3105,3105,3756,08-Jul-2026 09:07:46,12513,23507,SELL
IDEA,13.84,13.84,1537241,08-Jul-2026 09:07:34,6576242,20760761,SELL
ADANIPOWER,217.9,217.9,67320,08-Jul-2026 09:07:34,165573,865841,SELL
BANDHANBNK,204.94,204.94,37671,08-Jul-2026 09:07:33,50327,366406,SELL
PIIND,2649.9,2649.9,61,08-Jul-2026 09:07:47,2050,2606,SELL
LICHSGFIN,543,543,641,08-Jul-2026 09:07:33,34626,41905,SELL
TCS,2094,2094,44716,08-Jul-2026 09:07:34,30739,138719,SELL
UNITDSPR,1427,1427,1751,08-Jul-2026 09:07:36,22269,40210,SELL
JSWENERGY,543.6,543.6,1483,08-Jul-2026 09:07:46,9954,50598,SELL
LICI,434.8,434.8,5196,08-Jul-2026 09:07:46,94267,213379,SELL
TORNTPHARM,4850,4850,561,08-Jul-2026 09:07:36,715,1068,SELL
SUZLON,54.3,54.3,192502,08-Jul-2026 09:07:34,741793,2739743,SELL
BHARATFORG,2108.1,2108.1,1710,08-Jul-2026 09:07:34,2552,11320,SELL
DELHIVERY,517,517,5657,08-Jul-2026 09:07:34,95260,64841,BUY
HDFCLIFE,571.45,571.45,9969,08-Jul-2026 09:07:33,36249,84289,SELL
LAURUSLABS,1474.9,1474.9,1523,08-Jul-2026 09:07:34,15478,34146,SELL
SUPREMEIND,3176.1,3176.1,257,08-Jul-2026 09:07:35,2128,4317,SELL
CAMS,775,775,926,08-Jul-2026 09:07:33,13705,31892,SELL
FORTIS,969.9,969.9,3011,08-Jul-2026 09:07:46,3843,18318,SELL
COALINDIA,428,428,10289,08-Jul-2026 09:07:46,78162,132412,SELL
LTM,3850,3850,816,08-Jul-2026 09:07:46,2953,13714,SELL
TRENT,2921,2921,12359,08-Jul-2026 09:07:33,32010,67702,SELL
ANGELONE,335,335,9470,08-Jul-2026 09:07:47,45323,111872,SELL
PIDILITIND,1618.2,1618.2,2202,08-Jul-2026 09:07:36,4720,17085,SELL
CGPOWER,908,908,5294,08-Jul-2026 09:07:46,23170,113383,SELL
HCLTECH,1165,1165,16378,08-Jul-2026 09:07:34,21893,245831,SELL
SHREECEM,26635,26635,18,08-Jul-2026 09:07:37,53,330,SELL
TITAN,4590.4,4590.4,7031,08-Jul-2026 09:07:34,6476,15097,SELL
ETERNAL,288.5,288.5,220521,08-Jul-2026 09:07:34,118891,869448,SELL
ICICIBANK,1410.3,1410.3,117179,08-Jul-2026 09:07:34,36257,117763,SELL
PAYTM,1242,1242,12640,08-Jul-2026 09:07:34,10701,35805,SELL
BIOCON,405.55,405.55,9189,08-Jul-2026 09:07:34,51724,68139,SELL
DABUR,452,452,2474,08-Jul-2026 09:07:34,35365,41608,SELL
DALBHARAT,1782.9,1782.9,245,08-Jul-2026 09:07:34,1446,10672,SELL
FEDERALBNK,330.45,330.45,13458,08-Jul-2026 09:07:47,22142,71783,SELL
OBEROIRLTY,1900.1,1900.1,578,08-Jul-2026 09:07:47,2077,8120,SELL
VBL,482.55,482.55,9846,08-Jul-2026 09:07:35,39300,160683,SELL
SOLARINDS,18201,18201,209,08-Jul-2026 09:07:47,1442,6910,SELL
TATAPOWER,375.8,375.8,12759,08-Jul-2026 09:07:34,113382,165717,SELL
IEX,122,122,6873,08-Jul-2026 09:07:47,94772,255914,SELL
POWERINDIA,31795,31795,393,08-Jul-2026 09:07:46,1709,3584,SELL
BAJAJ-AUTO,10070,10070,1386,08-Jul-2026 09:07:47,3739,4856,SELL
TMPV,340.95,340.95,32601,08-Jul-2026 09:07:34,124417,304877,SELL
WAAREEENER,2830,2830,1871,08-Jul-2026 09:07:34,9501,24631,SELL
HAL,4382.6,4382.6,1901,08-Jul-2026 09:07:46,7193,25045,SELL
BDL,1390,1390,3066,08-Jul-2026 09:07:47,9703,102477,SELL
HDFCBANK,825.9,825.9,1285667,08-Jul-2026 09:07:33,169636,1090994,SELL
HEROMOTOCO,4975,4975,2174,08-Jul-2026 09:07:46,3672,11420,SELL
IDFCFIRSTB,80.1,80.1,32229,08-Jul-2026 09:07:46,92552,569084,SELL
KEI,5085,5085,601,08-Jul-2026 09:07:35,2158,3978,SELL
APOLLOHOSP,8800,8800,406,08-Jul-2026 09:07:36,1782,1480,BUY
MARUTI,14475,14475,1058,08-Jul-2026 09:07:34,2107,5542,SELL
HINDUNILVR,2199,2199,2302,08-Jul-2026 09:07:35,8629,25350,SELL
JIOFIN,242,242,47642,08-Jul-2026 09:07:34,297404,789355,SELL
GODFRYPHLP,2124.9,2124.9,409,08-Jul-2026 09:07:34,4511,12268,SELL
SIEMENS,3479.1,3479.1,239,08-Jul-2026 09:07:34,3219,7279,SELL
TECHM,1441,1441,2305,08-Jul-2026 09:07:35,9082,25256,SELL
MOTHERSON,142.71,142.71,43402,08-Jul-2026 09:07:46,160908,411550,SELL
INDUSTOWER,381,381,3335,08-Jul-2026 09:07:46,22291,129177,SELL
AUROPHARMA,1575.5,1575.5,440,08-Jul-2026 09:07:34,2552,11491,SELL
BANKINDIA,141.73,141.73,18956,08-Jul-2026 09:07:47,96399,310953,SELL
IRFC,89.49,89.49,63347,08-Jul-2026 09:07:34,243952,775173,SELL
SONACOMS,668,668,3662,08-Jul-2026 09:07:36,11451,38778,SELL
SWIGGY,265,265,64826,08-Jul-2026 09:07:34,265521,333886,SELL
ADANIPORTS,1824.9,1824.9,3727,08-Jul-2026 09:07:47,11423,34896,SELL
NHPC,78.5,78.5,18906,08-Jul-2026 09:07:47,194244,520362,SELL
ICICIPRULI,485.4,485.4,1318,08-Jul-2026 09:07:47,9888,33402,SELL
DMART,4050,4050,341,08-Jul-2026 09:07:46,2979,22239,SELL
POWERGRID,282.9,282.9,31148,08-Jul-2026 09:07:47,78626,144276,SELL
EXIDEIND,412.35,412.35,3799,08-Jul-2026 09:07:46,21803,97779,SELL
NYKAA,313.55,313.55,2795,08-Jul-2026 09:07:46,6497,97906,SELL
PNB,103.25,103.25,84006,08-Jul-2026 09:07:46,249416,543634,SELL
GRASIM,3174,3174,1147,08-Jul-2026 09:07:47,1615,9622,SELL
VEDL,273.6,273.6,62036,08-Jul-2026 09:07:33,156640,539579,SELL
HDFCAMC,2768.5,2768.5,541,08-Jul-2026 09:07:46,3683,10730,SELL
VOLTAS,1281,1281,803,08-Jul-2026 09:07:35,6607,21027,SELL
YESBANK,23.88,23.88,274273,08-Jul-2026 09:07:34,766862,3942347,SELL
GAIL,173.05,173.05,12990,08-Jul-2026 09:07:46,51798,307025,SELL
UNIONBANK,160.2,160.2,28304,08-Jul-2026 09:07:34,114542,362284,SELL
POLYCAB,9348,9348,884,08-Jul-2026 09:07:33,2337,6616,SELL
ZYDUSLIFE,1146.6,1146.6,1260,08-Jul-2026 09:07:35,5390,20157,SELL
IREDA,124.45,124.45,12486,08-Jul-2026 09:07:47,86203,283740,SELL
PNBHOUSING,1103.4,1103.4,6765,08-Jul-2026 09:07:46,12613,27579,SELL
HYUNDAI,1968.8,1968.8,1452,08-Jul-2026 09:07:47,3883,9488,SELL
UNOMINDA,1122.5,1122.5,8070,08-Jul-2026 09:07:34,10198,32804,SELL
JINDALSTEL,1029.2,1029.2,1242,08-Jul-2026 09:07:46,5659,12640,SELL
DIXON,13160,13160,573,08-Jul-2026 09:07:46,2974,9703,SELL
INDUSINDBK,1015.9,1015.9,3539,08-Jul-2026 09:07:46,21173,48048,SELL
360ONE,1142.8,1142.8,1611,08-Jul-2026 09:07:34,3033,23605,SELL
BEL,416.5,416.5,44931,08-Jul-2026 09:07:34,136261,685467,SELL
DLF,647,647,5087,08-Jul-2026 09:07:47,14434,81360,SELL
INDHOTEL,741.2,741.2,3962,08-Jul-2026 09:07:46,11681,65165,SELL
ITC,286.9,286.9,33892,08-Jul-2026 09:07:33,202613,667610,SELL
NTPC,351.95,351.95,12089,08-Jul-2026 09:07:46,51354,110631,SELL
UPL,597,597,2647,08-Jul-2026 09:07:35,23071,36064,SELL
AUBANK,1060,1060,1113,08-Jul-2026 09:07:35,6484,17926,SELL
BHEL,374,374,35558,08-Jul-2026 09:07:34,66413,232194,SELL
SBICARD,601,601,1849,08-Jul-2026 09:07:35,9443,37396,SELL
GODREJCP,1090,1090,1316,08-Jul-2026 09:07:34,4471,29691,SELL
M&M,3175,3175,20810,08-Jul-2026 09:07:34,16902,43937,SELL
VMM,116.5,116.5,14631,08-Jul-2026 09:07:35,153192,451837,SELL
ADANIENSOL,1639.7,1639.7,3241,08-Jul-2026 09:07:34,8389,53202,SELL
BRITANNIA,5410,5410,295,08-Jul-2026 09:07:34,4441,6108,SELL
NATIONALUM,340.2,340.2,48212,08-Jul-2026 09:07:33,61513,192900,SELL
RECLTD,353.75,353.75,13219,08-Jul-2026 09:07:33,82232,312789,SELL
SRF,2790.8,2790.8,477,08-Jul-2026 09:07:35,8566,10051,SELL
INDIANB,780.3,780.3,5987,08-Jul-2026 09:07:47,17693,48095,SELL
CHOLAFIN,1839.5,1839.5,2289,08-Jul-2026 09:07:47,3169,9127,SELL
CROMPTON,266.45,266.45,880,08-Jul-2026 09:07:33,11278,63937,SELL
BHARTIARTL,1911,1911,112775,08-Jul-2026 09:07:34,24415,56451,SELL
HINDALCO,962.05,962.05,22657,08-Jul-2026 09:07:34,29515,58175,SELL
LODHA,1093.95,1093.95,10133,08-Jul-2026 09:07:46,3893,31079,SELL
MFSL,1596.4,1596.4,847,08-Jul-2026 09:07:35,3330,9940,SELL
CONCOR,469,469,2838,08-Jul-2026 09:07:47,11061,97078,SELL
INOXWIND,85.45,85.45,11516,08-Jul-2026 09:07:46,105023,308497,SELL
NESTLEIND,1460,1460,1883,08-Jul-2026 09:07:47,4769,15012,SELL
ULTRACEMCO,11556,11556,537,08-Jul-2026 09:07:35,469,4118,SELL
CANBK,124,124,191638,08-Jul-2026 09:07:33,257481,939201,SELL
SBIN,1029.6,1029.6,114021,08-Jul-2026 09:07:33,40013,226157,SELL
SHRIRAMFIN,1058,1058,39215,08-Jul-2026 09:07:34,8530,109975,SELL
PGEL,573.8,573.8,4033,08-Jul-2026 09:07:46,11319,54279,SELL
KOTAKBANK,378.5,378.5,30157,08-Jul-2026 09:07:34,79082,296345,SELL
NUVAMA,1901,1901,1093,08-Jul-2026 09:07:47,630,4872,SELL
CUMMINSIND,5425,5425,911,08-Jul-2026 09:07:35,902,5760,SELL
GMRAIRPORT,113.99,113.99,63592,08-Jul-2026 09:07:34,69044,326509,SELL
MAZDOCK,2501.6,2501.6,3426,08-Jul-2026 09:07:34,8447,40737,SELL
RELIANCE,1297,1297,162385,08-Jul-2026 09:07:34,224499,372513,SELL
MANAPPURAM,339,339,3794,08-Jul-2026 09:07:47,13284,63409,SELL
POLICYBZR,1593.3,1593.3,3536,08-Jul-2026 09:07:34,19109,25646,SELL
KAYNES,3282,3282,2185,08-Jul-2026 09:07:46,12795,24494,SELL
CDSL,1347,1347,5038,08-Jul-2026 09:07:34,12744,103909,SELL
BAJAJFINSV,1867,1867,1665,08-Jul-2026 09:07:47,3302,15717,SELL
PRESTIGE,1657.1,1657.1,502,08-Jul-2026 09:07:34,3682,17888,SELL
RVNL,230.41,230.41,14155,08-Jul-2026 09:07:36,80208,191858,SELL
ABCAPITAL,401.4,401.4,5131,08-Jul-2026 09:07:46,22881,67318,SELL
MOTILALOFS,941.5,941.5,1379,08-Jul-2026 09:07:36,8523,20970,SELL
ABB,6908.5,6908.5,458,08-Jul-2026 09:07:33,1980,10418,SELL
BAJAJHLDNG,10650,10650,103,08-Jul-2026 09:07:34,381,1484,SELL
FORCEMOT,18590,18590,273,08-Jul-2026 09:07:46,1179,4262,SELL
NMDC,83.5,83.5,37502,08-Jul-2026 09:07:34,158159,882894,SELL
PFC,408.9,408.9,9436,08-Jul-2026 09:07:33,39053,134456,SELL
SAIL,163.95,163.95,18099,08-Jul-2026 09:07:34,59196,283246,SELL
AMBER,7545,7545,312,08-Jul-2026 09:07:47,1591,8854,SELL
LT,3950,3950,12032,08-Jul-2026 09:07:34,24678,47854,SELL
NBCC,97.5,97.5,40371,08-Jul-2026 09:07:46,132930,328802,SELL
GODREJPROP,2021,2021,2362,08-Jul-2026 09:07:34,3115,14742,SELL
TATACONSUM,1112.9,1112.9,2207,08-Jul-2026 09:07:34,7973,26127,SELL
AMBUJACEM,431.05,431.05,4248,08-Jul-2026 09:07:33,26506,72122,SELL
TATASTEEL,187.66,187.66,123597,08-Jul-2026 09:07:34,146987,675144,SELL
RBLBANK,370.8,370.8,9113,08-Jul-2026 09:07:36,11366,132199,SELL
BANKBARODA,244.95,244.95,103773,08-Jul-2026 09:07:34,87910,379920,SELL
BSE,3640,3640,13816,08-Jul-2026 09:07:33,26972,91979,SELL
LTF,330.2,330.2,11745,08-Jul-2026 09:07:34,36406,138552,SELL
JSWSTEEL,1231,1231,3414,08-Jul-2026 09:07:34,5211,18125,SELL
TVSMOTOR,3666,3666,1601,08-Jul-2026 09:07:35,2282,14600,SELL
PHOENIXLTD,2047.2,2047.2,498,08-Jul-2026 09:07:34,1668,11614,SELL
PETRONET,275.7,275.7,11524,08-Jul-2026 09:07:33,24314,98559,SELL
ASHOKLEY,161.84,161.84,89726,08-Jul-2026 09:07:34,90534,636432,SELL
MUTHOOTFIN,3080,3080,2076,08-Jul-2026 09:07:34,4381,15858,SELL
GVT&D,4375,4375,4800,08-Jul-2026 09:07:34,6187,15121,SELL
JUBLFOOD,447.9,447.9,13750,08-Jul-2026 09:07:34,21073,67262,SELL
EICHERMOT,7415,7415,3806,08-Jul-2026 09:07:34,2851,16647,SELL
MCX,2600,2600,22928,08-Jul-2026 09:07:34,27047,69042,SELL
HINDZINC,522.4,522.4,10680,08-Jul-2026 09:07:46,39947,192077,SELL
BAJFINANCE,1025,1025,54152,08-Jul-2026 09:07:34,23065,89770,SELL
IOC,139.7,139.7,124386,08-Jul-2026 09:07:33,219369,958038,SELL
COCHINSHIP,1419,1419,137923,08-Jul-2026 09:07:33,203807,634826,SELL
NAM-INDIA,1169,1169,1470,08-Jul-2026 09:07:35,5555,8154,SELL
ASIANPAINT,2676.6,2676.6,3505,08-Jul-2026 09:07:33,2971,22904,SELL
BPCL,306.95,306.95,61579,08-Jul-2026 09:07:34,82455,397253,SELL
INDIGO,5266.5,5266.5,5473,08-Jul-2026 09:07:34,2359,18517,SELL
HINDPETRO,395,395,49654,08-Jul-2026 09:07:34,50952,269292,SELL
