SYMBOL,PREOPEN,FINAL_PRICE,FINAL_QUANTITY,LAST_UPDATE,TOTAL_BUY_QTY,TOTAL_SELL_QTY,ADV_DECL
TVSMOTOR,3586,3586,23763,02-Jul-2026 09:07:50,29098,11140,BUY
INFY,1006.4,1006.4,113873,02-Jul-2026 09:07:51,664088,242808,BUY
VMM,118.9,118.9,71070,02-Jul-2026 09:07:51,174359,417618,SELL
FORCEMOT,18653,18653,1165,02-Jul-2026 09:07:51,4670,4372,BUY
COFORGE,1395,1395,19473,02-Jul-2026 09:07:50,52482,44416,BUY
NHPC,80.9,80.9,332951,02-Jul-2026 09:07:51,854275,695607,BUY
CANBK,128.27,128.27,489588,02-Jul-2026 09:07:50,1372757,1781787,SELL
MPHASIS,2158.7,2158.7,4207,02-Jul-2026 09:07:51,4304,12217,SELL
HCLTECH,1049,1049,22290,02-Jul-2026 09:07:51,77265,78466,SELL
BAJAJ-AUTO,9975,9975,4104,02-Jul-2026 09:07:51,6087,5884,BUY
TCS,2008,2008,38127,02-Jul-2026 09:07:51,162004,96942,BUY
BHARATFORG,2135,2135,3664,02-Jul-2026 09:07:51,3935,12380,SELL
PERSISTENT,4384,4384,4167,02-Jul-2026 09:07:51,9604,54972,SELL
TECHM,1378.3,1378.3,6366,02-Jul-2026 09:07:51,30202,30491,SELL
NMDC,85.29,85.29,57539,02-Jul-2026 09:07:51,510844,615734,SELL
PRESTIGE,1643.5,1643.5,4269,02-Jul-2026 09:07:50,10889,33234,SELL
KALYANKJIL,385.25,385.25,18941,02-Jul-2026 09:07:50,52126,140719,SELL
ASHOKLEY,164,164,231454,02-Jul-2026 09:07:50,555630,972685,SELL
OBEROIRLTY,1822.9,1822.9,1981,02-Jul-2026 09:07:50,12299,13449,SELL
OFSS,10971,10971,488,02-Jul-2026 09:07:50,2492,3556,SELL
PGEL,556.2,556.2,13446,02-Jul-2026 09:08:03,31546,44158,SELL
CONCOR,484.9,484.9,11389,02-Jul-2026 09:07:53,11459,174447,SELL
TMPV,351.15,351.15,27818,02-Jul-2026 09:07:51,181909,316970,SELL
CROMPTON,272,272,5023,02-Jul-2026 09:07:54,77280,65339,BUY
LUPIN,2420,2420,3635,02-Jul-2026 09:07:52,7189,23636,SELL
HEROMOTOCO,4879.4,4879.4,4534,02-Jul-2026 09:07:50,10186,22689,SELL
360ONE,1075,1075,362,02-Jul-2026 09:07:54,5233,12493,SELL
COALINDIA,438.4,438.4,47471,02-Jul-2026 09:07:51,179072,215830,SELL
DIVISLAB,6600,6600,116,02-Jul-2026 09:08:04,758,2838,SELL
TATACONSUM,1099.9,1099.9,3368,02-Jul-2026 09:07:50,17602,17514,BUY
ETERNAL,282,282,279613,02-Jul-2026 09:07:51,336718,559786,SELL
JSWSTEEL,1226,1226,2042,02-Jul-2026 09:08:03,7360,14657,SELL
AMBUJACEM,422.2,422.2,4322,02-Jul-2026 09:07:53,69649,116433,SELL
ICICIPRULI,496.9,496.9,1091,02-Jul-2026 09:08:04,22441,22753,SELL
MCX,2985.5,2985.5,19897,02-Jul-2026 09:07:51,61765,39593,BUY
HDFCLIFE,574.3,574.3,4428,02-Jul-2026 09:07:50,40918,52983,SELL
HINDPETRO,394.95,394.95,20649,02-Jul-2026 09:07:51,83940,195859,SELL
HINDZINC,528.1,528.1,7460,02-Jul-2026 09:07:51,66900,158560,SELL
MUTHOOTFIN,2935,2935,1266,02-Jul-2026 09:08:04,6166,6496,SELL
BANKBARODA,273.5,273.5,10236,02-Jul-2026 09:07:53,155674,322624,SELL
NUVAMA,1800,1800,146,02-Jul-2026 09:07:50,2770,7450,SELL
PNB,108.26,108.26,42629,02-Jul-2026 09:08:04,295969,1010525,SELL
TORNTPHARM,4672,4672,346,02-Jul-2026 09:07:51,414,2853,SELL
KAYNES,3173,3173,1665,02-Jul-2026 09:08:04,15731,27377,SELL
LTM,3570.1,3570.1,833,02-Jul-2026 09:07:50,6296,8520,SELL
ULTRACEMCO,11531,11531,341,02-Jul-2026 09:07:52,2198,5262,SELL
CHOLAFIN,1814.9,1814.9,6397,02-Jul-2026 09:07:53,3110,6776,SELL
KPITTECH,561,561,34580,02-Jul-2026 09:07:51,183598,237365,SELL
SWIGGY,248.52,248.52,11600,02-Jul-2026 09:07:51,144553,200796,SELL
GODREJCP,1050,1050,3681,02-Jul-2026 09:08:04,13098,29761,SELL
CIPLA,1465.4,1465.4,905,02-Jul-2026 09:07:52,7348,31854,SELL
GLENMARK,2174.9,2174.9,1178,02-Jul-2026 09:07:50,9607,13729,SELL
INDIANB,825.9,825.9,5470,02-Jul-2026 09:07:50,46175,30924,BUY
ASTRAL,1370,1370,1282,02-Jul-2026 09:07:53,9808,29057,SELL
SONACOMS,623,623,2237,02-Jul-2026 09:08:04,8861,61813,SELL
BAJAJHLDNG,10780,10780,22,02-Jul-2026 09:07:55,498,2071,SELL
NTPC,359.95,359.95,7989,02-Jul-2026 09:07:50,56386,100362,SELL
ADANIPORTS,1858.5,1858.5,9278,02-Jul-2026 09:07:53,26418,39654,SELL
BIOCON,420.5,420.5,497,02-Jul-2026 09:07:51,21097,101328,SELL
UNITDSPR,1359.8,1359.8,289,02-Jul-2026 09:08:04,4978,21888,SELL
NBCC,105,105,24469,02-Jul-2026 09:08:04,161467,366023,SELL
SUNPHARMA,1876,1876,2485,02-Jul-2026 09:07:51,7020,27297,SELL
VEDL,277,277,45520,02-Jul-2026 09:07:51,242632,700431,SELL
JINDALSTEL,1034,1034,537,02-Jul-2026 09:07:52,16117,12240,BUY
MOTILALOFS,960.85,960.85,4671,02-Jul-2026 09:08:04,6745,33583,SELL
BSE,3963.7,3963.7,12007,02-Jul-2026 09:07:50,30796,105242,SELL
DELHIVERY,510.25,510.25,85206,02-Jul-2026 09:07:51,170356,84573,BUY
INOXWIND,90.3,90.3,19244,02-Jul-2026 09:07:52,119563,435879,SELL
KEI,5273.5,5273.5,106,02-Jul-2026 09:07:50,4499,6393,SELL
SIEMENS,3578.5,3578.5,120,02-Jul-2026 09:07:51,2555,8521,SELL
MAZDOCK,2548,2548,6601,02-Jul-2026 09:07:51,20303,74660,SELL
MOTHERSON,148.24,148.24,23549,02-Jul-2026 09:07:51,241609,386089,SELL
BRITANNIA,5287,5287,501,02-Jul-2026 09:07:51,2659,9473,SELL
ICICIGI,1766,1766,323,02-Jul-2026 09:07:51,1806,1983,SELL
MFSL,1616.7,1616.7,205,02-Jul-2026 09:07:54,1772,6021,SELL
AUROPHARMA,1559.9,1559.9,367,02-Jul-2026 09:07:52,3970,10952,SELL
NAM-INDIA,1202,1202,1857,02-Jul-2026 09:07:50,16768,17327,SELL
IRFC,91.6,91.6,42223,02-Jul-2026 09:07:51,473436,1411219,SELL
INDHOTEL,722,722,2712,02-Jul-2026 09:08:04,11832,50456,SELL
JSWENERGY,572,572,1719,02-Jul-2026 09:08:04,26996,74775,SELL
TATASTEEL,186,186,35086,02-Jul-2026 09:07:51,291243,488951,SELL
PAYTM,1209,1209,10178,02-Jul-2026 09:07:50,167786,26103,BUY
RBLBANK,363.4,363.4,2888,02-Jul-2026 09:08:04,30057,94505,SELL
ZYDUSLIFE,1114.1,1114.1,522,02-Jul-2026 09:07:51,5133,30095,SELL
HAVELLS,1193.9,1193.9,561,02-Jul-2026 09:08:03,10390,26082,SELL
UPL,567.5,567.5,1187,02-Jul-2026 09:07:51,47179,24445,BUY
WAAREEENER,2890,2890,2561,02-Jul-2026 09:08:03,13709,32801,SELL
EXIDEIND,392,392,5083,02-Jul-2026 09:08:04,27356,75453,SELL
LTF,314,314,9186,02-Jul-2026 09:08:04,55324,122655,SELL
TIINDIA,3110,3110,217,02-Jul-2026 09:07:52,1462,4351,SELL
INDIGO,5421,5421,3347,02-Jul-2026 09:07:51,3882,16236,SELL
GRASIM,3153,3153,745,02-Jul-2026 09:08:04,959,7136,SELL
SBILIFE,1798,1798,974,02-Jul-2026 09:07:51,4588,16190,SELL
ADANIENT,3155.9,3155.9,6723,02-Jul-2026 09:07:51,116550,46761,BUY
AXISBANK,1374,1374,17553,02-Jul-2026 09:07:50,10215,44398,SELL
JUBLFOOD,423.1,423.1,3258,02-Jul-2026 09:07:52,15268,46769,SELL
MANKIND,2500,2500,1009,02-Jul-2026 09:07:51,4500,9922,SELL
PIIND,2585,2585,161,02-Jul-2026 09:07:51,2467,3954,SELL
SHREECEM,26020,26020,17,02-Jul-2026 09:07:54,88,653,SELL
AMBER,7479,7479,268,02-Jul-2026 09:07:53,2188,7607,SELL
KFINTECH,885,885,402,02-Jul-2026 09:08:03,9639,18154,SELL
PNBHOUSING,1055.8,1055.8,253,02-Jul-2026 09:08:04,9674,17233,SELL
PFC,432.35,432.35,5338,02-Jul-2026 09:07:51,36872,156209,SELL
POLYCAB,9749,9749,517,02-Jul-2026 09:07:51,2574,23038,SELL
SHRIRAMFIN,1052,1052,19738,02-Jul-2026 09:07:51,23461,67187,SELL
UNOMINDA,1092.1,1092.1,483,02-Jul-2026 09:07:52,8764,16424,SELL
BAJAJFINSV,1804,1804,3337,02-Jul-2026 09:07:53,5923,26892,SELL
CGPOWER,980,980,16782,02-Jul-2026 09:07:51,75203,84941,SELL
NESTLEIND,1459,1459,3842,02-Jul-2026 09:07:51,13916,18766,SELL
TATAPOWER,376.8,376.8,13735,02-Jul-2026 09:08:04,116961,155801,SELL
HYUNDAI,1924.9,1924.9,567,02-Jul-2026 09:08:04,7187,14496,SELL
IOC,140.3,140.3,71183,02-Jul-2026 09:07:51,275195,669437,SELL
NAUKRI,996.95,996.95,867,02-Jul-2026 09:08:03,13849,33165,SELL
RVNL,238.4,238.4,10776,02-Jul-2026 09:07:52,79513,252964,SELL
SBIN,1050.9,1050.9,50269,02-Jul-2026 09:07:50,77377,233084,SELL
CUMMINSIND,5680.5,5680.5,218,02-Jul-2026 09:07:55,1802,3391,SELL
NYKAA,309.6,309.6,3980,02-Jul-2026 09:07:50,12453,76797,SELL
SBICARD,598,598,2006,02-Jul-2026 09:07:51,25308,35966,SELL
SUPREMEIND,3231.3,3231.3,90,02-Jul-2026 09:07:52,2245,8278,SELL
TATAELXSI,3599.1,3599.1,3229,02-Jul-2026 09:07:51,12581,11910,BUY
IDEA,14.68,14.68,1448232,02-Jul-2026 09:07:51,9456714,27128692,SELL
PATANJALI,414.3,414.3,6566,02-Jul-2026 09:07:50,17006,26020,SELL
BPCL,305,305,24608,02-Jul-2026 09:07:51,63728,184582,SELL
CDSL,1335.8,1335.8,9150,02-Jul-2026 09:07:51,24466,97210,SELL
GODFRYPHLP,2165,2165,400,02-Jul-2026 09:07:51,6195,14061,SELL
HINDALCO,942.05,942.05,9841,02-Jul-2026 09:07:50,87628,56083,BUY
MARUTI,14431,14431,1536,02-Jul-2026 09:08:04,6381,6015,BUY
NATIONALUM,335.5,335.5,26515,02-Jul-2026 09:07:50,89921,155105,SELL
BHEL,414.95,414.95,30529,02-Jul-2026 09:07:50,71866,280900,SELL
GMRAIRPORT,113.8,113.8,43693,02-Jul-2026 09:08:04,96594,407449,SELL
RECLTD,371,371,10491,02-Jul-2026 09:08:04,163037,375833,SELL
ADANIENSOL,1524.9,1524.9,3393,02-Jul-2026 09:07:50,8403,103600,SELL
IREDA,128.23,128.23,10551,02-Jul-2026 09:08:04,126785,898576,SELL
BLUESTARCO,1609.9,1609.9,277,02-Jul-2026 09:07:54,4466,7139,SELL
EICHERMOT,7155,7155,8901,02-Jul-2026 09:08:04,14344,16790,SELL
M&M,3136.8,3136.8,16669,02-Jul-2026 09:07:51,41638,47014,SELL
SOLARINDS,18650,18650,229,02-Jul-2026 09:08:03,964,8088,SELL
PIDILITIND,1585,1585,1276,02-Jul-2026 09:07:51,7413,14861,SELL
ABB,6950,6950,204,02-Jul-2026 09:07:53,2279,8504,SELL
HINDUNILVR,2186,2186,2559,02-Jul-2026 09:07:50,10744,32276,SELL
LT,4100,4100,4988,02-Jul-2026 09:08:04,19773,45995,SELL
BANKINDIA,141.88,141.88,17545,02-Jul-2026 09:07:54,100182,180066,SELL
MAXHEALTH,1141.7,1141.7,4350,02-Jul-2026 09:08:04,11434,24625,SELL
ICICIBANK,1381.9,1381.9,84318,02-Jul-2026 09:07:51,31797,109460,SELL
PREMIERENE,1053.2,1053.2,1377,02-Jul-2026 09:08:04,6856,36435,SELL
RADICO,3958.5,3958.5,194,02-Jul-2026 09:08:04,10086,9647,BUY
RELIANCE,1310,1310,49322,02-Jul-2026 09:07:51,147506,473836,SELL
ITC,290.7,290.7,41840,02-Jul-2026 09:07:50,270712,804715,SELL
PETRONET,279.5,279.5,933,02-Jul-2026 09:07:52,19142,51396,SELL
ASIANPAINT,2720,2720,5145,02-Jul-2026 09:07:50,9724,31189,SELL
LAURUSLABS,1495.2,1495.2,3084,02-Jul-2026 09:07:50,6017,19078,SELL
DALBHARAT,1710.9,1710.9,19,02-Jul-2026 09:07:52,2367,6013,SELL
DIXON,11970,11970,936,02-Jul-2026 09:07:51,4249,10179,SELL
GODREJPROP,1962,1962,1484,02-Jul-2026 09:08:04,7370,14325,SELL
LODHA,993.5,993.5,6609,02-Jul-2026 09:07:51,17406,41952,SELL
TITAN,4404,4404,814,02-Jul-2026 09:07:51,2992,13123,SELL
FEDERALBNK,331.75,331.75,7709,02-Jul-2026 09:08:04,35753,93413,SELL
LICHSGFIN,555,555,959,02-Jul-2026 09:07:50,19635,27815,SELL
BDL,1380.3,1380.3,2624,02-Jul-2026 09:07:54,11306,66972,SELL
POLICYBZR,1685.7,1685.7,2120,02-Jul-2026 09:07:51,4706,7612,SELL
MARICO,851.65,851.65,4609,02-Jul-2026 09:07:51,13494,17465,SELL
VOLTAS,1282.1,1282.1,1056,02-Jul-2026 09:07:52,9794,11458,SELL
YESBANK,24.6,24.6,236774,02-Jul-2026 09:07:51,1346534,5920369,SELL
UNIONBANK,175,175,49726,02-Jul-2026 09:07:51,266365,641241,SELL
DLF,649.05,649.05,20038,02-Jul-2026 09:07:51,47326,70907,SELL
HDFCAMC,2747,2747,3476,02-Jul-2026 09:07:50,3672,12015,SELL
INDUSTOWER,389,389,2025,02-Jul-2026 09:08:03,24857,100569,SELL
COCHINSHIP,1504.9,1504.9,3441,02-Jul-2026 09:07:54,17448,42547,SELL
APOLLOHOSP,8620,8620,496,02-Jul-2026 09:07:55,1813,3565,SELL
MANAPPURAM,316.7,316.7,4932,02-Jul-2026 09:08:04,15888,82132,SELL
ADANIGREEN,1535.1,1535.1,5271,02-Jul-2026 09:07:52,14916,76375,SELL
TRENT,3290.5,3290.5,1804,02-Jul-2026 09:07:50,6333,26500,SELL
ADANIPOWER,226.87,226.87,63780,02-Jul-2026 09:07:51,152438,861272,SELL
ANGELONE,340.4,340.4,9543,02-Jul-2026 09:07:53,30774,193334,SELL
BANDHANBNK,205.04,205.04,8578,02-Jul-2026 09:07:52,52632,313957,SELL
BEL,416.25,416.25,102626,02-Jul-2026 09:07:50,162432,782303,SELL
DABUR,444.75,444.75,7600,02-Jul-2026 09:07:50,55200,65879,SELL
DMART,4328.6,4328.6,882,02-Jul-2026 09:08:04,2380,17403,SELL
DRREDDY,1339.9,1339.9,1378,02-Jul-2026 09:08:04,6929,30202,SELL
GAIL,174.5,174.5,9368,02-Jul-2026 09:08:04,44435,256276,SELL
INDUSINDBK,941.6,941.6,1759,02-Jul-2026 09:07:51,11830,52176,SELL
JIOFIN,240.01,240.01,29975,02-Jul-2026 09:07:51,318879,645055,SELL
KOTAKBANK,400.45,400.45,23549,02-Jul-2026 09:07:51,49689,170200,SELL
LICI,434.7,434.7,3361,02-Jul-2026 09:08:04,93113,241773,SELL
POWERGRID,287.55,287.55,34292,02-Jul-2026 09:07:51,74762,139948,SELL
POWERINDIA,34250,34250,428,02-Jul-2026 09:07:51,905,3846,SELL
SRF,2739.9,2739.9,129,02-Jul-2026 09:07:52,9063,9706,SELL
SUZLON,58.35,58.35,219296,02-Jul-2026 09:07:51,1768063,5108679,SELL
APLAPOLLO,1785,1785,1156,02-Jul-2026 09:07:54,9329,8233,BUY
FORTIS,949,949,1202,02-Jul-2026 09:08:04,5325,15453,SELL
AUBANK,1051.2,1051.2,1040,02-Jul-2026 09:07:54,3996,18646,SELL
CAMS,792,792,2598,02-Jul-2026 09:07:55,9500,37132,SELL
IDFCFIRSTB,78.9,78.9,16749,02-Jul-2026 09:08:03,177214,645907,SELL
HAL,4431,4431,1691,02-Jul-2026 09:08:04,5772,28489,SELL
BOSCHLTD,40750,40750,24,02-Jul-2026 09:07:54,223,641,SELL
VBL,515.05,515.05,6784,02-Jul-2026 09:07:51,26249,154343,SELL
HDFCBANK,795,795,566154,02-Jul-2026 09:07:50,401025,687436,SELL
SAIL,168,168,36402,02-Jul-2026 09:07:51,116999,452823,SELL
ABCAPITAL,392.5,392.5,4724,02-Jul-2026 09:07:54,21822,113088,SELL
PAGEIND,43500,43500,125,02-Jul-2026 09:08:04,738,477,BUY
COLPAL,2064.2,2064.2,595,02-Jul-2026 09:07:52,5444,21363,SELL
WIPRO,169.49,169.49,598637,02-Jul-2026 09:07:51,1842905,1080560,BUY
ALKEM,5545,5545,262,02-Jul-2026 09:07:55,518,2196,SELL
ONGC,234,234,39732,02-Jul-2026 09:07:50,174614,433387,SELL
BHARTIARTL,1860.8,1860.8,150173,02-Jul-2026 09:07:51,35401,49895,SELL
PHOENIXLTD,2007,2007,3033,02-Jul-2026 09:07:50,1250,6624,SELL
IEX,123,123,91441,02-Jul-2026 09:07:51,110497,426127,SELL
GVT&D,4850,4850,3662,02-Jul-2026 09:07:51,6729,12921,SELL
OIL,415,415,6321,02-Jul-2026 09:07:51,23547,87924,SELL
BAJFINANCE,994.7,994.7,332289,02-Jul-2026 09:07:50,15298,132193,SELL
