SYMBOL,PREOPEN,FINAL_PRICE,FINAL_QUANTITY,LAST_UPDATE,TOTAL_BUY_QTY,TOTAL_SELL_QTY,ADV_DECL
INFY,1006.4,1006.4,113873,02-Jul-2026 09:07:51,664088,242808,BUY
HCLTECH,1049,1049,22290,02-Jul-2026 09:07:51,77265,78466,SELL
BAJAJ-AUTO,9975,9975,4104,02-Jul-2026 09:07:51,6087,5884,BUY
TCS,2008,2008,38127,02-Jul-2026 09:07:51,162004,96942,BUY
TECHM,1378.3,1378.3,6366,02-Jul-2026 09:07:51,30202,30491,SELL
TMPV,351.15,351.15,27818,02-Jul-2026 09:07:51,181909,316970,SELL
COALINDIA,438.4,438.4,47471,02-Jul-2026 09:07:51,179072,215830,SELL
TATACONSUM,1099.9,1099.9,3368,02-Jul-2026 09:07:50,17602,17514,BUY
ETERNAL,282,282,279613,02-Jul-2026 09:07:51,336718,559786,SELL
JSWSTEEL,1226,1226,2042,02-Jul-2026 09:08:03,7360,14657,SELL
HDFCLIFE,574.3,574.3,4428,02-Jul-2026 09:07:50,40918,52983,SELL
ULTRACEMCO,11531,11531,341,02-Jul-2026 09:07:52,2198,5262,SELL
CIPLA,1465.4,1465.4,905,02-Jul-2026 09:07:52,7348,31854,SELL
NTPC,359.95,359.95,7989,02-Jul-2026 09:07:50,56386,100362,SELL
ADANIPORTS,1858.5,1858.5,9278,02-Jul-2026 09:07:53,26418,39654,SELL
SUNPHARMA,1876,1876,2485,02-Jul-2026 09:07:51,7020,27297,SELL
TATASTEEL,186,186,35086,02-Jul-2026 09:07:51,291243,488951,SELL
INDIGO,5421,5421,3347,02-Jul-2026 09:07:51,3882,16236,SELL
GRASIM,3153,3153,745,02-Jul-2026 09:08:04,959,7136,SELL
SBILIFE,1798,1798,974,02-Jul-2026 09:07:51,4588,16190,SELL
ADANIENT,3155.9,3155.9,6723,02-Jul-2026 09:07:51,116550,46761,BUY
AXISBANK,1374,1374,17553,02-Jul-2026 09:07:50,10215,44398,SELL
SHRIRAMFIN,1052,1052,19738,02-Jul-2026 09:07:51,23461,67187,SELL
NESTLEIND,1459,1459,3842,02-Jul-2026 09:07:51,13916,18766,SELL
BAJAJFINSV,1804,1804,3337,02-Jul-2026 09:07:53,5923,26892,SELL
SBIN,1050.9,1050.9,50269,02-Jul-2026 09:07:50,77377,233084,SELL
HINDALCO,942.05,942.05,9841,02-Jul-2026 09:07:50,87628,56083,BUY
MARUTI,14431,14431,1536,02-Jul-2026 09:08:04,6381,6015,BUY
M&M,3136.8,3136.8,16669,02-Jul-2026 09:07:51,41638,47014,SELL
EICHERMOT,7155,7155,8901,02-Jul-2026 09:08:04,14344,16790,SELL
HINDUNILVR,2186,2186,2559,02-Jul-2026 09:07:50,10744,32276,SELL
LT,4100,4100,4988,02-Jul-2026 09:08:04,19773,45995,SELL
MAXHEALTH,1141.7,1141.7,4350,02-Jul-2026 09:08:04,11434,24625,SELL
ICICIBANK,1381.9,1381.9,84318,02-Jul-2026 09:07:51,31797,109460,SELL
RELIANCE,1310,1310,49322,02-Jul-2026 09:07:51,147506,473836,SELL
ITC,290.7,290.7,41840,02-Jul-2026 09:07:50,270712,804715,SELL
ASIANPAINT,2720,2720,5145,02-Jul-2026 09:07:50,9724,31189,SELL
TITAN,4404,4404,814,02-Jul-2026 09:07:51,2992,13123,SELL
APOLLOHOSP,8620,8620,496,02-Jul-2026 09:07:55,1813,3565,SELL
TRENT,3290.5,3290.5,1804,02-Jul-2026 09:07:50,6333,26500,SELL
DRREDDY,1339.9,1339.9,1378,02-Jul-2026 09:08:04,6929,30202,SELL
KOTAKBANK,400.45,400.45,23549,02-Jul-2026 09:07:51,49689,170200,SELL
BEL,416.25,416.25,102626,02-Jul-2026 09:07:50,162432,782303,SELL
JIOFIN,240.01,240.01,29975,02-Jul-2026 09:07:51,318879,645055,SELL
POWERGRID,287.55,287.55,34292,02-Jul-2026 09:07:51,74762,139948,SELL
HDFCBANK,795,795,566154,02-Jul-2026 09:07:50,401025,687436,SELL
WIPRO,169.49,169.49,598637,02-Jul-2026 09:07:51,1842905,1080560,BUY
ONGC,234,234,39732,02-Jul-2026 09:07:50,174614,433387,SELL
BHARTIARTL,1860.8,1860.8,150173,02-Jul-2026 09:07:51,35401,49895,SELL
BAJFINANCE,994.7,994.7,332289,02-Jul-2026 09:07:50,15298,132193,SELL
