SYMBOL,PREOPEN,FINAL_PRICE,FINAL_QUANTITY,LAST_UPDATE,TOTAL_BUY_QTY,TOTAL_SELL_QTY,ADV_DECL
MARUTI,13744,13744,6550,30-Jun-2026 09:07:56,9425,6395,BUY
SAMMAANCAP,170,170,131244,30-Jun-2026 09:07:57,479339,402586,BUY
BAJFINANCE,986.9,986.9,15388,30-Jun-2026 09:07:56,23451,78944,SELL
ASHOKLEY,159.06,159.06,89799,30-Jun-2026 09:07:57,262058,513672,SELL
BSE,3900,3900,23169,30-Jun-2026 09:07:56,39819,136114,SELL
ICICIBANK,1402,1402,106829,30-Jun-2026 09:07:56,49447,109509,SELL
CROMPTON,276.25,276.25,1944,30-Jun-2026 09:08:07,40445,57712,SELL
OBEROIRLTY,1771.8,1771.8,887,30-Jun-2026 09:08:06,2986,16763,SELL
ASTRAL,1381.6,1381.6,2284,30-Jun-2026 09:07:57,26870,22745,BUY
UPL,574,574,7840,30-Jun-2026 09:07:56,73327,17605,BUY
TVSMOTOR,3490.1,3490.1,2074,30-Jun-2026 09:07:57,9027,9353,SELL
PAGEIND,40780,40780,15,30-Jun-2026 09:08:06,670,559,BUY
HINDPETRO,393.15,393.15,20660,30-Jun-2026 09:07:57,106961,98006,BUY
HDFCBANK,806.1,806.1,769108,30-Jun-2026 09:07:56,449978,867405,SELL
TMPV,348,348,49317,30-Jun-2026 09:07:57,183511,372419,SELL
PHOENIXLTD,1928.1,1928.1,692,30-Jun-2026 09:08:09,1908,6395,SELL
CANBK,126.9,126.9,78556,30-Jun-2026 09:07:56,499834,564768,SELL
GODREJPROP,1845,1845,693,30-Jun-2026 09:08:10,4286,10195,SELL
SUPREMEIND,3219.9,3219.9,826,30-Jun-2026 09:08:06,5110,3929,BUY
BAJAJHLDNG,10545,10545,187,30-Jun-2026 09:08:08,540,1998,SELL
BOSCHLTD,40200,40200,59,30-Jun-2026 09:08:07,553,627,SELL
DALBHARAT,1714,1714,60,30-Jun-2026 09:07:57,3023,5611,SELL
LODHA,947,947,841,30-Jun-2026 09:08:07,16942,23814,SELL
KAYNES,3175,3175,2395,30-Jun-2026 09:07:57,24676,16383,BUY
GODFRYPHLP,2210,2210,501,30-Jun-2026 09:07:56,5224,19487,SELL
KFINTECH,875.9,875.9,949,30-Jun-2026 09:08:06,6953,17863,SELL
PERSISTENT,4331,4331,8700,30-Jun-2026 09:07:57,31715,66513,SELL
SIEMENS,3600.4,3600.4,248,30-Jun-2026 09:08:06,3163,7841,SELL
DIXON,11894,11894,521,30-Jun-2026 09:08:10,3806,7110,SELL
CUMMINSIND,5582.5,5582.5,238,30-Jun-2026 09:08:07,2703,3528,SELL
HDFCAMC,2625.8,2625.8,412,30-Jun-2026 09:07:56,4052,9337,SELL
NYKAA,304.3,304.3,9779,30-Jun-2026 09:08:06,17819,37696,SELL
CGPOWER,963.1,963.1,9908,30-Jun-2026 09:07:57,69319,87412,SELL
NAUKRI,993.5,993.5,728,30-Jun-2026 09:08:06,7495,21376,SELL
ABCAPITAL,387.9,387.9,5465,30-Jun-2026 09:08:07,19606,56821,SELL
FORCEMOT,17945,17945,244,30-Jun-2026 09:08:09,1743,2102,SELL
BHARTIARTL,1853,1853,185875,30-Jun-2026 09:07:56,76308,61775,BUY
FORTIS,956.6,956.6,1310,30-Jun-2026 09:08:10,7941,12957,SELL
INDIANB,820,820,1942,30-Jun-2026 09:08:09,27310,28068,SELL
YESBANK,25.25,25.25,526959,30-Jun-2026 09:07:56,3383546,8235348,SELL
ADANIPORTS,1786.9,1786.9,6718,30-Jun-2026 09:07:57,14607,37208,SELL
ADANIENT,2980,2980,2184,30-Jun-2026 09:08:06,14178,19733,SELL
LTF,300.8,300.8,9711,30-Jun-2026 09:08:06,39904,219894,SELL
RBLBANK,365.95,365.95,4982,30-Jun-2026 09:08:08,35068,64035,SELL
LICHSGFIN,564,564,1888,30-Jun-2026 09:08:06,29915,44806,SELL
PRESTIGE,1548.1,1548.1,1528,30-Jun-2026 09:08:07,4053,9346,SELL
JUBLFOOD,420,420,4179,30-Jun-2026 09:07:57,31418,39514,SELL
PREMIERENE,1035,1035,1116,30-Jun-2026 09:08:07,20750,37040,SELL
SHREECEM,25280,25280,21,30-Jun-2026 09:08:08,227,110,BUY
SUNPHARMA,1885,1885,8008,30-Jun-2026 09:07:56,5906,24175,SELL
GMRAIRPORT,110,110,25573,30-Jun-2026 09:08:10,108079,499452,SELL
NBCC,104.9,104.9,20392,30-Jun-2026 09:08:06,141348,377952,SELL
SBICARD,605.1,605.1,2171,30-Jun-2026 09:08:06,21208,23351,SELL
SWIGGY,240,240,16368,30-Jun-2026 09:08:06,122253,167390,SELL
ADANIENSOL,1494,1494,3228,30-Jun-2026 09:07:57,11373,74194,SELL
TRENT,3275,3275,1883,30-Jun-2026 09:07:57,29263,24649,BUY
UNITDSPR,1348.3,1348.3,1061,30-Jun-2026 09:08:07,12024,25122,SELL
LICI,433.4,433.4,13115,30-Jun-2026 09:07:57,106442,282694,SELL
MAZDOCK,2459,2459,2419,30-Jun-2026 09:08:07,11492,42988,SELL
NUVAMA,1780,1780,2910,30-Jun-2026 09:08:07,3382,10535,SELL
CHOLAFIN,1782.7,1782.7,451,30-Jun-2026 09:08:07,4720,3357,BUY
HAVELLS,1161.8,1161.8,325,30-Jun-2026 09:08:09,10327,11672,SELL
POLICYBZR,1630.9,1630.9,429,30-Jun-2026 09:08:06,4537,7893,SELL
WAAREEENER,2900,2900,6731,30-Jun-2026 09:07:57,22532,31418,SELL
BEL,413.5,413.5,56941,30-Jun-2026 09:07:57,267420,621691,SELL
GVT&D,4979.5,4979.5,2507,30-Jun-2026 09:07:57,7713,13086,SELL
LTM,3702.9,3702.9,659,30-Jun-2026 09:08:07,5592,8812,SELL
PIDILITIND,1607,1607,498,30-Jun-2026 09:08:07,3376,11637,SELL
VBL,506.4,506.4,7723,30-Jun-2026 09:08:05,34399,121776,SELL
COCHINSHIP,1434,1434,1787,30-Jun-2026 09:08:06,28497,35256,SELL
RELIANCE,1306.9,1306.9,54908,30-Jun-2026 09:07:57,192130,474261,SELL
AUBANK,1035,1035,1728,30-Jun-2026 09:07:57,6419,20751,SELL
HYUNDAI,1901,1901,2446,30-Jun-2026 09:07:57,9711,7103,BUY
KALYANKJIL,379.5,379.5,3126,30-Jun-2026 09:07:57,24311,143806,SELL
SUZLON,57.46,57.46,190512,30-Jun-2026 09:07:56,1891535,4341940,SELL
LT,4183,4183,10030,30-Jun-2026 09:07:56,23409,51980,SELL
ADANIPOWER,228,228,67792,30-Jun-2026 09:07:57,245230,737522,SELL
CONCOR,473,473,1791,30-Jun-2026 09:08:06,15494,148524,SELL
GAIL,172.95,172.95,18849,30-Jun-2026 09:08:08,54450,239087,SELL
DELHIVERY,465.45,465.45,1015,30-Jun-2026 09:08:09,24720,48199,SELL
AMBER,7442.5,7442.5,307,30-Jun-2026 09:08:06,2873,6403,SELL
SOLARINDS,17870,17870,316,30-Jun-2026 09:08:06,728,3122,SELL
ICICIGI,1775,1775,38,30-Jun-2026 09:08:10,1705,1746,SELL
M&M,3105,3105,12053,30-Jun-2026 09:07:57,31550,41306,SELL
IRFC,90.95,90.95,65321,30-Jun-2026 09:07:57,712619,1758293,SELL
SBIN,1040,1040,15160,30-Jun-2026 09:07:57,90019,136711,SELL
BANKBARODA,273.8,273.8,17109,30-Jun-2026 09:07:57,143908,179335,SELL
COFORGE,1496.9,1496.9,3434,30-Jun-2026 09:07:57,15311,37357,SELL
BAJAJ-AUTO,9665,9665,1055,30-Jun-2026 09:07:57,4875,5882,SELL
INOXWIND,88.5,88.5,15418,30-Jun-2026 09:08:10,114869,434639,SELL
POWERGRID,287.2,287.2,22914,30-Jun-2026 09:07:57,132148,162268,SELL
BANKINDIA,143,143,8683,30-Jun-2026 09:08:06,92805,217802,SELL
PIIND,2568,2568,476,30-Jun-2026 09:08:06,5307,5991,SELL
VOLTAS,1299.9,1299.9,383,30-Jun-2026 09:08:05,5891,16381,SELL
ETERNAL,260.2,260.2,88566,30-Jun-2026 09:07:56,97381,638925,SELL
HAL,4356.3,4356.3,1343,30-Jun-2026 09:08:10,10075,17264,SELL
IEX,125.2,125.2,6197,30-Jun-2026 09:08:10,115462,405010,SELL
ANGELONE,329.75,329.75,6005,30-Jun-2026 09:08:07,59426,122641,SELL
CDSL,1301.8,1301.8,2886,30-Jun-2026 09:08:06,22277,56126,SELL
JSWENERGY,588,588,8186,30-Jun-2026 09:08:09,23549,72652,SELL
TECHM,1438,1438,2562,30-Jun-2026 09:08:06,14814,40649,SELL
TIINDIA,3031.1,3031.1,389,30-Jun-2026 09:08:08,2144,1484,BUY
ITC,291.5,291.5,44176,30-Jun-2026 09:07:57,220437,628695,SELL
TATAPOWER,387.55,387.55,19384,30-Jun-2026 09:07:59,84674,123742,SELL
MOTILALOFS,950.05,950.05,358,30-Jun-2026 09:08:06,7024,29142,SELL
UNIONBANK,175,175,13387,30-Jun-2026 09:08:06,109334,660752,SELL
IDFCFIRSTB,78.39,78.39,36630,30-Jun-2026 09:08:09,235614,619445,SELL
IOC,139.51,139.51,53751,30-Jun-2026 09:07:57,609566,448188,BUY
PFC,425.45,425.45,8379,30-Jun-2026 09:08:06,47689,85186,SELL
TATAELXSI,3990,3990,350,30-Jun-2026 09:08:06,7008,9416,SELL
TORNTPHARM,4668.9,4668.9,1152,30-Jun-2026 09:08:06,3169,4595,SELL
AUROPHARMA,1551,1551,416,30-Jun-2026 09:08:07,4169,14225,SELL
FEDERALBNK,324.8,324.8,5849,30-Jun-2026 09:08:09,26980,73293,SELL
ICICIPRULI,490.65,490.65,1358,30-Jun-2026 09:08:10,22866,19290,BUY
BIOCON,416.15,416.15,1371,30-Jun-2026 09:07:56,13911,68131,SELL
BLUESTARCO,1639.1,1639.1,194,30-Jun-2026 09:08:07,3785,11603,SELL
RVNL,238,238,13431,30-Jun-2026 09:07:59,78149,296456,SELL
BRITANNIA,5112,5112,35,30-Jun-2026 09:08:07,2538,6701,SELL
IREDA,127.75,127.75,10081,30-Jun-2026 09:08:09,130231,321325,SELL
BHEL,414.55,414.55,55566,30-Jun-2026 09:07:57,176828,313419,SELL
AMBUJACEM,425,425,2660,30-Jun-2026 09:08:06,47493,96442,SELL
COALINDIA,445.6,445.6,29949,30-Jun-2026 09:07:56,96696,241088,SELL
GRASIM,3085,3085,283,30-Jun-2026 09:08:09,2006,3830,SELL
UNOMINDA,1093,1093,1645,30-Jun-2026 09:08:06,12568,11246,BUY
IDEA,14.45,14.45,1587900,30-Jun-2026 09:07:57,6367982,32852303,SELL
BAJAJFINSV,1760,1760,792,30-Jun-2026 09:08:07,3252,26164,SELL
BPCL,301.2,301.2,14323,30-Jun-2026 09:07:56,78560,154781,SELL
DABUR,426.8,426.8,884,30-Jun-2026 09:07:56,30783,88484,SELL
EXIDEIND,387,387,1661,30-Jun-2026 09:07:56,23064,54145,SELL
JIOFIN,237,237,23800,30-Jun-2026 09:07:57,340454,433906,SELL
CIPLA,1455.7,1455.7,2313,30-Jun-2026 09:07:57,6497,34477,SELL
INDUSINDBK,916.45,916.45,1357,30-Jun-2026 09:08:09,16162,26876,SELL
MANKIND,2488.7,2488.7,367,30-Jun-2026 09:08:06,3062,7860,SELL
ADANIGREEN,1504,1504,1873,30-Jun-2026 09:07:56,19759,46135,SELL
PATANJALI,413,413,9902,30-Jun-2026 09:08:06,22352,33750,SELL
PNBHOUSING,1035,1035,546,30-Jun-2026 09:08:06,9620,15017,SELL
INDIGO,5320,5320,1694,30-Jun-2026 09:08:10,9959,11900,SELL
PNB,107.06,107.06,29937,30-Jun-2026 09:07:59,209173,748015,SELL
HDFCLIFE,583.7,583.7,1440,30-Jun-2026 09:08:10,12546,35147,SELL
ZYDUSLIFE,1122.2,1122.2,1284,30-Jun-2026 09:08:06,6076,32450,SELL
AXISBANK,1357.7,1357.7,61441,30-Jun-2026 09:07:56,40224,38977,BUY
JINDALSTEL,1068.8,1068.8,570,30-Jun-2026 09:08:09,3316,13678,SELL
INDUSTOWER,394.9,394.9,2191,30-Jun-2026 09:08:10,22606,128563,SELL
PAYTM,1133.8,1133.8,3931,30-Jun-2026 09:08:06,12705,32196,SELL
DIVISLAB,6560.5,6560.5,152,30-Jun-2026 09:08:10,10655,5046,BUY
MPHASIS,2208.9,2208.9,627,30-Jun-2026 09:08:07,3685,9212,SELL
ASIANPAINT,2658,2658,1593,30-Jun-2026 09:07:57,4710,20001,SELL
COLPAL,2000,2000,90,30-Jun-2026 09:08:06,3767,13731,SELL
HEROMOTOCO,4815.5,4815.5,2313,30-Jun-2026 09:07:57,6294,15738,SELL
KPITTECH,712.5,712.5,4098,30-Jun-2026 09:08:06,28317,26667,BUY
DMART,4357.9,4357.9,167,30-Jun-2026 09:08:09,2530,10749,SELL
GODREJCP,1022,1022,998,30-Jun-2026 09:08:09,4658,35495,SELL
HCLTECH,1102.5,1102.5,6083,30-Jun-2026 09:07:56,35068,138412,SELL
MARICO,840,840,2128,30-Jun-2026 09:08:06,9491,9878,SELL
TITAN,4277.5,4277.5,1092,30-Jun-2026 09:08:07,3546,9858,SELL
ALKEM,5416.5,5416.5,88,30-Jun-2026 09:08:09,640,1454,SELL
BDL,1335.1,1335.1,3426,30-Jun-2026 09:08:07,16621,38531,SELL
GLENMARK,2186.7,2186.7,213,30-Jun-2026 09:07:57,2740,14598,SELL
KOTAKBANK,395.5,395.5,78790,30-Jun-2026 09:07:56,124914,106202,BUY
LAURUSLABS,1500.3,1500.3,6391,30-Jun-2026 09:07:59,11658,50390,SELL
LUPIN,2409.4,2409.4,1289,30-Jun-2026 09:08:07,7505,22437,SELL
MFSL,1601.5,1601.5,610,30-Jun-2026 09:07:57,2713,5555,SELL
NESTLEIND,1387.3,1387.3,2580,30-Jun-2026 09:08:06,6088,18694,SELL
NMDC,85.45,85.45,32582,30-Jun-2026 09:08:06,205801,771621,SELL
OFSS,10874.5,10874.5,563,30-Jun-2026 09:08:06,737,3345,SELL
OIL,412.75,412.75,1258,30-Jun-2026 09:08:06,22593,98187,SELL
PETRONET,281.25,281.25,1151,30-Jun-2026 09:08:06,21386,54617,SELL
RECLTD,364.95,364.95,22911,30-Jun-2026 09:07:59,122570,285103,SELL
SHRIRAMFIN,1032.65,1032.65,10617,30-Jun-2026 09:07:56,11294,110827,SELL
SRF,2664.7,2664.7,299,30-Jun-2026 09:08:06,7731,8997,SELL
VMM,115.79,115.79,9560,30-Jun-2026 09:08:05,96007,435578,SELL
APOLLOHOSP,8654.5,8654.5,744,30-Jun-2026 09:08:06,1432,3790,SELL
HINDUNILVR,2151,2151,2724,30-Jun-2026 09:08:10,10800,24774,SELL
HINDZINC,525.4,525.4,8412,30-Jun-2026 09:07:57,56206,168388,SELL
MCX,2914,2914,10989,30-Jun-2026 09:07:57,19307,67026,SELL
JSWSTEEL,1232,1232,1319,30-Jun-2026 09:07:57,4402,16713,SELL
NAM-INDIA,1167,1167,393,30-Jun-2026 09:08:07,3676,19233,SELL
ONGC,233.95,233.95,45043,30-Jun-2026 09:07:56,207843,447463,SELL
TATASTEEL,189.5,189.5,87997,30-Jun-2026 09:07:56,248833,552910,SELL
DRREDDY,1375,1375,15883,30-Jun-2026 09:07:59,11969,43379,SELL
RADICO,3875,3875,1433,30-Jun-2026 09:08:07,1286,9514,SELL
DLF,614.3,614.3,5329,30-Jun-2026 09:08:09,32946,52559,SELL
MAXHEALTH,1149,1149,6267,30-Jun-2026 09:07:59,6624,31762,SELL
PGEL,536,536,1628,30-Jun-2026 09:08:06,9715,46737,SELL
INDHOTEL,706.05,706.05,4195,30-Jun-2026 09:08:08,11009,32586,SELL
MANAPPURAM,315,315,6447,30-Jun-2026 09:08:07,10602,44028,SELL
ULTRACEMCO,11317,11317,475,30-Jun-2026 09:08:08,2061,3750,SELL
MUTHOOTFIN,3015.2,3015.2,3056,30-Jun-2026 09:07:57,6611,6983,SELL
VEDL,283.9,283.9,169023,30-Jun-2026 09:07:57,247772,1469185,SELL
WIPRO,175,175,57507,30-Jun-2026 09:07:56,236123,1260728,SELL
SONACOMS,618.55,618.55,2747,30-Jun-2026 09:08:06,7759,54555,SELL
NTPC,354.75,354.75,20816,30-Jun-2026 09:07:59,54003,109825,SELL
TCS,2090,2090,22735,30-Jun-2026 09:07:57,37191,151796,SELL
APLAPOLLO,1780.6,1780.6,472,30-Jun-2026 09:08:07,3575,5746,SELL
SAIL,174.5,174.5,66450,30-Jun-2026 09:07:57,66870,408105,SELL
SBILIFE,1747.5,1747.5,830,30-Jun-2026 09:07:57,4429,11495,SELL
EICHERMOT,7392,7392,7907,30-Jun-2026 09:07:57,3850,13662,SELL
CAMS,784.1,784.1,11615,30-Jun-2026 09:08:06,19746,30888,SELL
360ONE,1083.1,1083.1,940,30-Jun-2026 09:08:08,4223,17024,SELL
POWERINDIA,34750,34750,505,30-Jun-2026 09:08:06,1113,2743,SELL
INFY,1030,1030,107506,30-Jun-2026 09:07:56,122233,188936,SELL
NHPC,81,81,292986,30-Jun-2026 09:07:57,663150,1542866,SELL
HINDALCO,957,957,26951,30-Jun-2026 09:07:57,36423,36990,SELL
POLYCAB,9710,9710,2797,30-Jun-2026 09:07:59,2566,8447,SELL
ABB,7070,7070,2443,30-Jun-2026 09:08:06,4647,8752,SELL
MOTHERSON,148.94,148.94,150275,30-Jun-2026 09:07:57,198073,345481,SELL
KEI,5390,5390,2347,30-Jun-2026 09:07:57,973,4624,SELL
BANDHANBNK,199.85,199.85,77500,30-Jun-2026 09:07:57,105493,358363,SELL
NATIONALUM,342,342,60299,30-Jun-2026 09:07:57,54779,284416,SELL
TATACONSUM,1089,1089,10510,30-Jun-2026 09:07:59,5215,31322,SELL
BHARATFORG,2114.1,2114.1,17696,30-Jun-2026 09:07:57,1318,18364,SELL
